@misc{huong2022,
    author       = {Thu Huong},
    title        = {Du lịch văn hóa là gì? Những điều cần biết về du lịch văn hóa},
    howpublished = {\url{https://www.vntrip.vn}},
    note         = {10/11/2022},
}

@misc{vinpearl2022,
    author       = {Vinpearl},
    title        = {Du lịch văn hóa là gì? Gợi ý các điểm du lịch nổi tiếng tại Việt Nam},
    howpublished = {\url{https://www.vinpearl.com}},
    note         = {10/11/2022},
}

@misc{itdr2022,
    author       = {ITDR},
    title        = {Cách mạng công nghiệp 4.0 và tiến trình phát triển du lịch thông minh tại Việt Nam},
    howpublished = {\url{https://itdr.org.vn/nghien_cuu/cach-mang-cong-nghiep-4-0-va-tien-trinh-phat-trien-du-lich-thongminh-tai-viet-nam/}},
    note         = {12/11/2022},
}

@misc{traveloka2022,
    author       = {Traveloka},
    title        = {Du lịch công nghệ - Xu hướng tất yếu của ngành du lịch Việt thời đại 4.0},
    howpublished = {\url{https://www.traveloka.com/vi-vn/explore/news/du-lich-cong-nghe-xu-huong-nganh-dulich/106788}},
    note         = {12/11/2022},
}

@misc{tapchicongthuong2022,
    author       = {Tạp chí Công Thương},
    title        = {Thực trạng ứng dụng công nghệ thông tin trong phát triển du lịch ở Việt Nam},
    howpublished = {\url{https://tapchicongthuong.vn}},
    note         = {10/11/2022},
}

@misc{hoangthanh2022,
    author       = {Hoàng Thành Thăng Long},
    title        = {Trưng bày online Hoàng Thành Thăng Long},
    howpublished = {\url{https://trungbayonline.hoangthanhthanglong.vn/Museum}},
    note         = {10/11/2022},
}

@misc{lamkinh2022,
    author       = {Triển lãm Lam Kinh},
    title        = {Triển lãm Lam Kinh},
    howpublished = {\url{https://trungbayonline.hoangthanhthanglong.vn/LamKinh}},
    note         = {12/11/2022},
}

@misc{vantien2022,
    author       = {Đại tướng Văn Tiến Dũng},
    title        = {Đại tướng Văn Tiến Dũng - Danh tướng thời đại Hồ Chí Minh},
    howpublished = {\url{https://trungbayonline.hoangthanhthanglong.vn/VanTienDung}},
    note         = {12/11/2022},
}

@misc{tetviet2022,
    author       = {Tiến lịch},
    title        = {Tiến lịch đón xuân sang},
    howpublished = {\url{https://trungbayonline.hoangthanhthanglong.vn/TetViet2022}},
    note         = {12/11/2022},
}

@misc{d67_2022,
    author       = {Khu di tích lịch sử nhà và hầm D67},
    title        = {Khu di tích lịch sử nhà và hầm D67},
    howpublished = {\url{https://trungbayonline.hoangthanhthanglong.vn/TB360/D67}},
    note         = {12/11/2022},
}

@misc{bttm2022,
    author       = {Khu di tích lịch sử Hầm Bộ Tổng Tham mưu},
    title        = {Khu di tích lịch sử Hầm Bộ Tổng Tham mưu},
    howpublished = {\url{https://trungbayonline.hoangthanhthanglong.vn/TB360/BTTM}},
    note         = {12/11/2022},
}

@misc{vtv2022,
    author       = {VTV},
    title        = {Ứng dụng thuyết minh tự động thông minh khám phá Bảo tàng lịch sử quốc gia trong mùa dịch COVID-19},
    howpublished = {\url{https://vtv.vn/cong-nghe/ung-dung-thuyet-minh-tu-dong-thong-minh-kham-pha-bao-tang-lich-su-quoc-gia-20211121235215976.htm}},
    note         = {10/11/2022},
}

@misc{hue2022,
    author       = {Thừa Thiên Huế},
    title        = {Thừa Thiên Huế: Tham quan di tích bằng công nghệ QR},
    howpublished = {\url{https://bvhttdl.gov.vn/thua-thien-hue-tham-quan-di-tich-bang-cong-nghe-qr-20220425090742533.htm}},
    note         = {10/11/2022},
}

@misc{laravel2022,
    author       = {Laravel},
    title        = {Installation - Laravel - The PHP Framework For Web Artisans},
    howpublished = {\url{https://laravel.com/docs/9.x#why-laravel}},
    note         = {10/11/2022},
}

@misc{stackoverflow2021,
    author       = {Stack Overflow},
    title        = {Stack Overflow Developer Survey 2021},
    howpublished = {\url{https://insights.stackoverflow.com/survey/2021#databases}},
    note         = {10/11/2021},
}

@misc{oracle2022,
    author       = {Oracle},
    title        = {What Is MySQL? | Oracle},
    howpublished = {\url{https://oracle.com/mysql/what-is-mysql}},
    note         = {10/11/2022},
}

@misc{flutter2022,
    author       = {Stack Overflow Blog},
    title        = {Why Flutter is the most popular cross-platform mobile SDK - Stack Overflow Blog},
    howpublished = {\url{https://stackoverflow.blog/2022/02/21/why-flutter-is-the-most-popular-cross-platform-mobile-sdk}},
    note         = {10/11/2022},
}
